@article{alpha,
 author = "E. Palik",
 url = "https://www2.pvlighthouse.com.au/resources/photovoltaic%20materials/refractive%20index/refractive%20index.aspx",
 pages = "360-367",
 unformatted = "E. Palik, 'Handbook of Optical Constants of Solids Vol I', Academic Press, pp.360-367, (1985)"
}

@article{n,
 author = "E. Palik",
 url = "https://www2.pvlighthouse.com.au/resources/photovoltaic%20materials/refractive%20index/refractive%20index.aspx",
 pages = "360-367",
 unformatted = "E. Palik, 'Handbook of Optical Constants of Solids Vol I', Academic Press, pp.360-367, (1985)"
}
