@@@@article{alpha,
 author = "DAVID W. LYNCHW, R, HUNTER",
 title = "Comments on the Optical Constants of Metalsand an Introductionto the Datafor Several Metals",
 url = "",
 journal = "",
 volume = "",
 number = "",
 pages = "289",
 year = "1985",
 DOI = "",
 publisher = "Academic Press, Inc",
 address = "",
 booktitle = "Handbook of optical constants of solids",
 isbn = "0-12-544420-6",
 unformatted = ""
}

@article{n,
 author = "DAVID W. LYNCHW, R, HUNTER",
 title = "Comments on the Optical Constants of Metalsand an Introductionto the D
atafor Several Metals",
 url = "",
 journal = "",
 volume = "",
 number = "",
 pages = "289",
 year = "1985",
 DOI = "",
 publisher = "Academic Press, Inc",
 address = "",
 booktitle = "Handbook of optical constants of solids",
 isbn = "0-12-544420-6",
 unformatted = ""
}

@article{Xi0,
author ="Gelmetti, Ilario and Montcada, Núria F. and Pérez-Rodríguez, Ana and Barrena, Esther and Ocal, Carmen and García-Benito, Inés and Molina-Ontoria, Agustín and Martín, Nazario and Vidal-Ferran, Anton and Palomares, Emilio",
title  ="Energy alignment and recombination in perovskite solar cells: weighted influence on the open circuit voltage",
journal  ="Energy Environ. Sci.",
year  ="2019",
volume  ="12",
pages  ="1309-1316",
publisher  ="The Royal Society of Chemistry",
doi  ="10.1039/C9EE00528E",
url  ="http://dx.doi.org/10.1039/C9EE00528E"
}

