@article{ref0,
 url = "Hoke"
}