@article{alpha,
 author = "'Sopra SA database, http://www.sspectra.com/sopra.html',",
 title = "Sopra SA database, http://www.sspectra.com/sopra.html",
 url = "https://www2.pvlighthouse.com.au/resources/photovoltaic%20materials/refractive%20index/refractive%20index.aspx",
 pages = "-",
 unformatted = "'Sopra SA database, http://www.sspectra.com/sopra.html',"
}

@article{n,
 author = "'Sopra SA database, http://www.sspectra.com/sopra.html',",
 title = "Sopra SA database, http://www.sspectra.com/sopra.html",
 url = "https://www2.pvlighthouse.com.au/resources/photovoltaic%20materials/refractive%20index/refractive%20index.aspx",
 pages = "-",
 unformatted = "'Sopra SA database, http://www.sspectra.com/sopra.html',"
}