@article{alpha,
 unformatted = "H. J. Jöbsis, V. M. Caselli, S. H. C. Askes,  E. C. Garnett,  T. J. Savenije,  F. T. Rabouw,  E. M. Hutter. Recombination and localization: Unfolding the pathways behind conductivity losses in Cs<sub>2</sub>AgBiBr<sub>6</sub> thin films, <a href="https://doi.org/10.1063/5.0061899"><i>Appl. Phys. Lett.</i> <b>119</b>, 131908 (2021)</a> (Numerical data kindly provided by Huygen Jöbsis)"
}

@article{n,
 unformatted = "H. J. Jöbsis, V. M. Caselli, S. H. C. Askes,  E. C. Garnett,  T. J. Savenije,  F. T. Rabouw,  E. M. Hutter. Recombination and localization: Unfolding the pathways behind conductivity losses in Cs<sub>2</sub>AgBiBr<sub>6</sub> thin films, <a href="https://doi.org/10.1063/5.0061899"><i>Appl. Phys. Lett.</i> <b>119</b>, 131908 (2021)</a> (Numerical data kindly provided by Huygen Jöbsis)"
}