@article{ref0,
 url = "refractiveindex.info",
 pages = "397-400",
 year = "1985",
 unformatted = "A. G. Mathewson and H. P. Myers. Absolute values of the optical constants of some pure metals, <a href="https://doi.org/10.1088/0031-8949/4/6/009"><i>Phys. Scr.</i> <b>4</b>, 291-292 (1971)</a>"
}