@article{spectra,
  author = {sadds},
  title = {ads},
  pages = {asd}
}

