@article{alpha,
 unformatted = "S. G. Warren, and R. E. Brandt. Optical constants of ice from the ultraviolet to the microwave: A revised compilation, <a href="https://doi.org/10.1029/2007JD009744"><i>J. Geophys. Res.</i> <b>113</b>, D14220 (2008)</a><br>Optical constants available online at <a href="https://atmos.washington.edu/ice_optical_constants/">https://atmos.washington.edu/ice_optical_constants/</a>"
}

@article{n,
 unformatted = "S. G. Warren, and R. E. Brandt. Optical constants of ice from the ultraviolet to the microwave: A revised compilation, <a href="https://doi.org/10.1029/2007JD009744"><i>J. Geophys. Res.</i> <b>113</b>, D14220 (2008)</a><br>Optical constants available online at <a href="https://atmos.washington.edu/ice_optical_constants/">https://atmos.washington.edu/ice_optical_constants/</a>"
}