@article{alpha,
 unformatted = "L. J. Phillips, A. M. Rashed, R. E. Treharne, J. Kay, P. Yates, I. Mitrovic, A. Weerakkody, S. Hall, K. Durose, Dispersion relation data for methylammonium lead triiodide perovskite deposited on a (100) silicon wafer using a two-step vapour-phase reaction process, <a href="https://doi.org/10.1016/j.dib.2015.10.026"><i>Data in Brief</i> <b>5</b>, 926-928 (2015)</a>"
}

@article{n,
 unformatted = "L. J. Phillips, A. M. Rashed, R. E. Treharne, J. Kay, P. Yates, I. Mitrovic, A. Weerakkody, S. Hall, K. Durose, Dispersion relation data for methylammonium lead triiodide perovskite deposited on a (100) silicon wafer using a two-step vapour-phase reaction process, <a href="https://doi.org/10.1016/j.dib.2015.10.026"><i>Data in Brief</i> <b>5</b>, 926-928 (2015)</a>"
}