@article{Xi,
  title={Contact Resistance in Ambipolar Organic Field-Effect Transistors Measured by Confocal Photoluminescence Electro-Modulation Microscopy},
  author={Koopman, Wouter WA and Natali, Marco and Bettini, Cristian and Melucci, Manuela and Muccini, Michele and Toffanin, Stefano},
  journal={ACS applied materials \& interfaces},
  volume={10},
  number={41},
  pages={35411--35419},
  year={2018},
  publisher={ACS Publications}
}

@article{Eg,
  title={Contact Resistance in Ambipolar Organic Field-Effect Transistors Measured by Confocal Photoluminescence Electro-Modulation Microscopy},
  author={Koopman, Wouter WA and Natali, Marco and Bettini, Cristian and Melucci, Manuela and Muccini, Michele and Toffanin, Stefano},
  journal={ACS applied materials \& interfaces},
  volume={10},
  number={41},
  pages={35411--35419},
  year={2018},
  publisher={ACS Publications}
}
