@article{n,
  author = {Robin Kerremans, Christina Kaiser, Wei Li, Nasim Zarrabi, Paul Meredith, and Ardalan Armin},
  title = {The Optical Constants of Solution-Processed Semiconductors\u2014New Challenges with Perovskites and Non-Fullerene Acceptors},
  journal = {Advanced Optical materials},
  volume = {8},
  pages = {2000319},
  year = {2020},
  unformatted = {10.1002/adom.202000319}
}

@article{alpha,
  unformatted = {10.1002/adom.202000319},
  author = {Robin Kerremans, Christina Kaiser, Wei Li, Nasim Zarrabi, Paul Meredith, and Ardalan Armin},
  title = {The Optical Constants of Solution-Processed Semiconductors\u2014New Challenges with Perovskites and Non-Fullerene Acceptors},
  journal = {Advanced Optical materials},
  volume = {8},
  pages = {2000319},
  year = {2020},
  unformatted = {10.1002/adom.202000319}
}

