@article{alpha,
 author = "Y. Jiang, S. Pillai and M. Green",
 title = "Realistic silver optical constants for plasmonics",
 url = "https://www2.pvlighthouse.com.au/resources/photovoltaic%20materials/refractive%20index/refractive%20index.aspx",
 pages = "6-30605",
 year = "2016",
 unformatted = "Y. Jiang, S. Pillai and M. Green, 'Realistic silver optical constants for plasmonics', Scientific Reports 6, p. 30605, 2016."
}

@article{n,
 author = "Y. Jiang, S. Pillai and M. Green",
 title = "Realistic silver optical constants for plasmonics",
 url = "https://www2.pvlighthouse.com.au/resources/photovoltaic%20materials/refractive%20index/refractive%20index.aspx",
 pages = "6-30605",
 year = "2016",
 unformatted = "Y. Jiang, S. Pillai and M. Green, 'Realistic silver optical constants for plasmonics', Scientific Reports 6, p. 30605, 2016."
}