@article{n,
 unformatted = "M. Daimon and A. Masumura. Measurement of the refractive index of distilled water from the near-infrared region to the ultraviolet region, <a href="https://doi.org/10.1364/AO.46.003811"><i>Appl. Opt.</i> <b>46</b>, 3811-3820 (2007)</a>"
}