@article{n,
 unformatted = "E. Grace, A. Butcher, J. Monroe, J. A. Nikkel. Index of refraction, Rayleigh scattering length, and Sellmeier coefficients in solid and liquid argon and xenon, <a href="https://doi.org/10.1016/j.nima.2017.06.031"><i>Nucl. Instr. Meth. Phys. Res. A</i> <b>867</b>, 204-208 (2017)</a>"
}