@article{alpha,
 unformatted = "M. R. Querry. Optical constants of minerals and other materials from the millimeter to the ultraviolet, <a href="https://apps.dtic.mil/sti/citations/ADA192210"><i>Contractor Report</i> CRDEC-CR-88009 (1987)</a>"
}

@article{n,
 unformatted = "M. R. Querry. Optical constants of minerals and other materials from the millimeter to the ultraviolet, <a href="https://apps.dtic.mil/sti/citations/ADA192210"><i>Contractor Report</i> CRDEC-CR-88009 (1987)</a>"
}