@article{alpha,
 unformatted = "B. Song, J. Hou, H. Wang, S. Sidhik, J. Miao, H. Gu, H. Zhang, S. Liu, Z. Fakhraai, J. Even, J.-C. Blancon, A. D. Mohite, D. Jariwala. Determination of dielectric functions and exciton oscillator strength of two-dimensional hybrid perovskites, <a href="https://doi.org/10.1021/acsmaterialslett.0c00505"><i>ACS Materials Lett.</i> <b>3</b>, 148-159 (2021)</a><br>(Numerical data kindly provided by Baokun Song)"
}

@article{n,
 unformatted = "B. Song, J. Hou, H. Wang, S. Sidhik, J. Miao, H. Gu, H. Zhang, S. Liu, Z. Fakhraai, J. Even, J.-C. Blancon, A. D. Mohite, D. Jariwala. Determination of dielectric functions and exciton oscillator strength of two-dimensional hybrid perovskites, <a href="https://doi.org/10.1021/acsmaterialslett.0c00505"><i>ACS Materials Lett.</i> <b>3</b>, 148-159 (2021)</a><br>(Numerical data kindly provided by Baokun Song)"
}