@article{n,
 unformatted = "Handbook of Optical Materials, Marvin J. Weber. CRC Press 2003 [<a href="https://books.google.com/books?id=6VpQDoef05wC&hl=en">link</a>]<br>*Original souce of data is unknown: "Handbook..." cites a paper that doesn't include any information on optical constants of Deuterium."
}