@article{n,
 unformatted = "J. Koch. Über die Dispersion gasförmiger Körper im ultra-violetten Spektrum, Ark. Mat. Astron. Fys. <b>8</b>, Nr. 20 (1913)"
}