@article{ref0,
 author = "E. Palik,  Handbook of Optical Constants of Solids Vol I, Academic Press, Orlando, pp. 397–400, 1985.",
 url = "https://www2.pvlighthouse.com.au/resources/photovoltaic%20materials/refractive%20index/refractive%20index.aspx",
 pages = "397-400",
 year = "1985",
 unformatted = "E. Palik,  Handbook of Optical Constants of Solids Vol I, Academic Press, Orlando, pp. 397–400, 1985."
}