
@book{image_marbles,
   author = "Photolitherland",
   title = "From Wikipedia, see html link in bib file for full info.",
   doi = "https://commons.wikimedia.org/wiki/File:Photo_I_took_of_my_own_antique_German_handmade_marble_collection.jpg" 
}

@book{image_silicon,
   author = "Ben Mills",
   title = "From Wikipedia, see html link in bib file for full info.",
   doi = "https://commons.wikimedia.org/wiki/File:Silicon-unit-cell-3D-balls.png" 
}

@book{image_spaghetti,
   author = "Ivan Vighetto",
   title = "From Wikipedia, see html link in bib file for full info.",
   doi = "https://commons.wikimedia.org/wiki/File:Tagliatelle_al_rag%C3%B9_(image_modified).jpg" 
}

@book{FDTD_Schneider,
  author={Schneider, John},
  title={Understanding the Finite-Difference Time-Domain Method},
  year={2010}
}

@article{calado2016evidence,
  title={Evidence for ion migration in hybrid perovskite solar cells with minimal hysteresis},
  author={Calado, Philip and Telford, Andrew M and Bryant, Daniel and Li, Xiaoe and Nelson, Jenny and O’Regan, Brian C and Barnes, Piers RF},
  journal={Nature communications},
  volume={7},
  number={1},
  pages={1--10},
  year={2016},
  publisher={Nature Publishing Group}
}

  	
@article{0953-8984-25-21-215301,
  author={Tianrong Zhan and Xi Shi and Yunyun Dai and Xiaohan Liu and Jian Zi},
  title={Transfer matrix method for optics in graphene layers},
  journal={Journal of Physics: Condensed Matter},
  volume={25},
  number={21},
  pages={215301},
  year={2013},
  abstract={A transfer matrix method is developed for optical calculations of non-interacting graphene layers. Within the framework of this method, optical properties such as reflection, transmission and absorption for single-, double- and multi-layer graphene are studied. We also apply the method to structures consisting of periodically arranged graphene layers, revealing well-defined photonic band structures and even photonic bandgaps. Finally, we discuss graphene plasmons and introduce a simple way to tune the plasmon dispersion.}
}

@article{mackenzie2013interpreting,
  title={Interpreting the density of states extracted from organic solar cells using transient photocurrent measurements},
  author={MacKenzie, Roderick CI and Shuttle, Chris G and Dibb, George F and Treat, Neil and von Hauff, Elizabeth and Robb, Maxwell J and Hawker, Craig J and Chabinyc, Michael L and Nelson, Jenny},
  journal={The Journal of Physical Chemistry C},
  volume={117},
  number={24},
  pages={12407--12414},
  year={2013},
  publisher={American Chemical Society}
}

@article{mackenzie2011modeling,
  title={Modeling nongeminate recombination in P3HT: PCBM solar cells},
  author={MacKenzie, Roderick CI and Kirchartz, Thomas and Dibb, George FA and Nelson, Jenny},
  journal={The Journal of Physical Chemistry C},
  volume={115},
  number={19},
  pages={9806--9813},
  year={2011},
  publisher={American Chemical Society}
}

@article{majeed2020using,
  title={Using deep machine learning to understand the physical performance bottlenecks in novel thin-film solar cells},
  author={Majeed, Nahdia and Saladina, Maria and Krompiec, Michal and Greedy, Steve and Deibel, Carsten and MacKenzie, Roderick CI},
  journal={Advanced Functional Materials},
  volume={30},
  number={7},
  pages={1907259},
  year={2020}
}

@article{mackenzie2014theory,
  title={Theory of Stark spectroscopy transients from thin film organic semiconducting devices},
  author={MacKenzie, Roderick CI and G{\"o}ritz, Anna and Greedy, Steve and von Hauff, Elizabeth and Nelson, Jenny},
  journal={Physical Review B},
  volume={89},
  number={19},
  pages={195307},
  year={2014},
  publisher={American Physical Society}
}


@article{10.1063/1.1534621,
   author = "Peumans, Peter and Yakimov, Aharon and Forrest, Stephen R.",
   title = "Small molecular weight organic thin-film photodetectors and solar cells",
   journal = "Journal of Applied Physics",
   year = "2003",
   volume = "93",
   number = "7", 
   pages = "3693-3723",
   doi = "http://dx.doi.org/10.1063/1.1534621" 
}

﻿@Dissertation{Summon-FETCH-bonn_catalog_45326403,
title = {Quantifying the impact of inhomogeneity, transport and recombination in emerging thin-film solar cells},
series = {Schriften des Forschungszentrums Jülich. Reihe Energie & Umwelt ; Band/volume 481},
author = {Kaienburg, Pascal}, 
institution = {Universität Duisburg-Essen ¬[Grad-verleihende Institution]},
address = {Jülich},
publisher = {Forschungszentrum Jülich GmbH, Zentralbibliothek, Verlag},
year = {2019},
keywords ={Hochschulschrift, Dissertation},
isbn ={9783958064409, 395806440X}
}

@article{PhysRevApplied.6.024001,
  title = {Extracting Information about the Electronic Quality of Organic Solar-Cell Absorbers from Fill Factor and Thickness},
  author = {Kaienburg, Pascal and Rau, Uwe and Kirchartz, Thomas},
  journal = {Phys. Rev. Applied},
  volume = {6},
  issue = {2},
  pages = {024001},
  numpages = {15},
  year = {2016},
  month = {Aug},
  publisher = {American Physical Society},
  doi = {10.1103/PhysRevApplied.6.024001}
}

@article{neryterrain,
  title={TERRAIN PARAMETERS IN SOLAR RADIATION MODELS},
  author={N{\'E}RY, Fernanda and Matos, Jo{\~a}o},
  journal = {Proceedings of the 14th European Colloquium on Theoretical and Quantitative Geography},
  pages = {23}
}

@ARTICLE{Azoff,
       author = {{Azoff}, E.~M.},
        title = "{Generalized energy-momentum conservation equations in the relaxation time approximation}",
      journal = {Solid State Electronics},
         year = 1987,
        month = sep,
       volume = {30},
       number = {9},
        pages = {913-917},
          doi = {10.1016/0038-1101(87)90127-4},
      adsnote = {Provided by the SAO/NASA Astrophysics Data System}
}

@article{doi:10.1021/jp073056p,
author = {O'Regan, Brian C. and Durrant, James R. and Sommeling, Paul M. and Bakker, Nicolaas J.},
title = {Influence of the TiCl4 Treatment on Nanocrystalline TiO2 Films in Dye-Sensitized Solar Cells. 2. Charge Density, Band Edge Shifts, and Quantification of Recombination Losses at Short Circuit},
journal = {The Journal of Physical Chemistry C},
volume = {111},
number = {37},
pages = {14001-14010},
year = {2007},
doi = {10.1021/jp073056p}
}

@article{solak2021understanding,
  title={Understanding Printed Hexagonal Contacts for Large Area Solar Cells through Simulation and Experiments},
  author={Solak, Selen and Shishegaran, Sara and H{\"u}bler, Arved C and MacKenzie, Roderick CI},
  journal={Solar RRL},
  volume={5},
  number={12},
  pages={2100787},
  year={2021}
}


@Article{Liu2022,
author={Liu, Zhu
and Deng, Zhu
and Davis, Steven J.
and Giron, Clement
and Ciais, Philippe},
title={Monitoring global carbon emissions in 2021},
journal={Nature Reviews Earth {\&} Environment},
year={2022},
month={Mar},
day={21},
issn={2662-138X},
doi={10.1038/s43017-022-00285-w}
}

@article {ManabeandWetherald,
      author = "Syukuro  Manabe and Richard T.  Wetherald",
      title = "Thermal Equilibrium of the Atmosphere with a Given Distribution of Relative Humidity",
      journal = "Journal of Atmospheric Sciences",
      year = "1967",
      publisher = "American Meteorological Society",
      address = "Boston MA, USA",
      volume = "24",
      number = "3",
      doi = "10.1175/1520-0469(1967)024<0241:TEOTAW>2.0.CO;2",
      pages=      "241 - 259"
}

@article{mackenzie2012extracting,
  title={Extracting microscopic device parameters from transient photocurrent measurements of P3HT: PCBM solar cells},
  author={MacKenzie, Roderick CI and Shuttle, Christopher G and Chabinyc, Michael L and Nelson, Jenny},
  journal={Advanced Energy Materials},
  volume={2},
  number={6},
  pages={662--669},
  year={2012},
  publisher={WILEY-VCH Verlag Weinheim}
}

@article{wopke2022traps,
  title={Traps and transport resistance are the next frontiers for stable non-fullerene acceptor solar cells (vol 13, 3786, 2022)},
  author={Wopke, Christopher and Gohler, Clemens and Saladina, Maria and Du, Xiaoyan and Nian, Li and Greve, Christopher and Zhu, Chenhui and Yallum, Kaila M and Hofstetter, Yvonne J and Becker-Koch, David and others},
  journal={NATURE COMMUNICATIONS},
  volume={13},
  number={1},
  year={2022},
  publisher={NATURE PORTFOLIO HEIDELBERGER PLATZ 3, BERLIN, 14197, GERMANY}
}

@article{zhu2022single,
  title={Single-junction organic solar cells with over 19\% efficiency enabled by a refined double-fibril network morphology},
  author={Zhu, Lei and Zhang, Ming and Xu, Jinqiu and Li, Chao and Yan, Jun and Zhou, Guanqing and Zhong, Wenkai and Hao, Tianyu and Song, Jiali and Xue, Xiaonan and others},
  journal={Nature Materials},
  volume={21},
  number={6},
  pages={656--663},
  year={2022},
  publisher={Nature Publishing Group UK London}
}

@book{piprek2013semiconductor,
  title={Semiconductor optoelectronic devices: introduction to physics and simulation},
  author={Piprek, Joachim},
  year={2013},
  publisher={Elsevier}
}

