@INPROCEEDINGS{epsilonr,
  author="https://refractiveindex.info/?shelf=organic&book=poly(methyl_methacrylate)&page=Szczurowski",
  booktitle="", 
  title="", 
  year="2012",
  pages="1-4"
}


