@article{n,
 unformatted = "A. Ermolov, K. F. Mak, M. H. Frosz, J. C. Travers, P. St. J. Russell, Supercontinuum generation in the vacuum ultraviolet through dispersive-wave and soliton-plasma interaction in a noble-gas-filled hollow-core photonic crystal fiber, <a href="https://doi.org/10.1103/PhysRevA.92.033821"><i>Phys. Rev. A</i> <b>92</b>, 033821 (2015)</a>"
}