@article{alpha,
 unformatted = "A. Ishteev, K. Konstantinova, G. Ermolaev, D. Kiselev, D. Muratov, M. Voronova, T. Ilina, P. Lagov, O. Uvarov, Y. Pavlov, M. Letovaltseva, A. Arsenin, V. Volkov, S. Didenko, D. Saranin, A. Di Carlo. Investigation of structural and optical properties of MAPbBr<sub>3</sub> monocrystals under fast electron irradiation, <a href="https://doi.org/10.1039/D2TC00128D"><i>J. Mater. Chem. C</i> <b>10</b>, 5821–5828 (2022)</a> (Numerical data kindly provided by Georgy Ermolaev)"
}

@article{n,
 unformatted = "A. Ishteev, K. Konstantinova, G. Ermolaev, D. Kiselev, D. Muratov, M. Voronova, T. Ilina, P. Lagov, O. Uvarov, Y. Pavlov, M. Letovaltseva, A. Arsenin, V. Volkov, S. Didenko, D. Saranin, A. Di Carlo. Investigation of structural and optical properties of MAPbBr<sub>3</sub> monocrystals under fast electron irradiation, <a href="https://doi.org/10.1039/D2TC00128D"><i>J. Mater. Chem. C</i> <b>10</b>, 5821–5828 (2022)</a> (Numerical data kindly provided by Georgy Ermolaev)"
}