@article{n,
 unformatted = "V. Kofman, J. He, I. L. ten Kate, H. Linnartz. The refractive index of amorphous and crystalline water ice in the UVâ€“vis, <a href="https://doi.org/10.3847/1538-4357/ab0d89"><i>Astrophys. J.</i> <b>875</b>, 131 (2019)</a>"
}