@article{alpha,
 unformatted = "S. Kedenburg, M. Vieweg, T. Gissibl, and H. Giessen. Linear refractive index and absorption measurements of nonlinear optical liquids in the visible and near-infrared spectral region, <a href="https://doi.org/10.1364/OME.2.001588"><i>Opt. Mat. Express</i> <b>2</b>, 1588-1611 (2012)</a>"
}

@article{n,
 unformatted = "S. Kedenburg, M. Vieweg, T. Gissibl, and H. Giessen. Linear refractive index and absorption measurements of nonlinear optical liquids in the visible and near-infrared spectral region, <a href="https://doi.org/10.1364/OME.2.001588"><i>Opt. Mat. Express</i> <b>2</b>, 1588-1611 (2012)</a>"
}