@article{n,
 unformatted = "T. Lars√©n. Beitrag zur Dispersion der Edelgase. <a href="https://doi.org/10.1007/BF01343498"><i>Z. Physik</i> <b>88</b>, 389-394 (1934)</a>"
}