@article{lang,
    author =       "Liu Di (刘迪) and Zhao Chenyao (赵辰尧)",
    year =         "2018",
}
