@article{lang,
    author =       "Luciano Azevedo Neves",
    year =         "2019",
}
