@article{lang,
    author =       "Google translate - Roderick MacKenzie",
    year =         "2024",
}
