@article{ref0,
 url = "https://www.researchgate.net/profile/Mariano_Campoy-Quiles",
 journal = "Phys.",
 volume = "76",
 pages = "235206",
 year = "2007",
 DOI = "10.1038/nmat4645"
}