@article{n,
 unformatted = "P. L. Smith, M. C. E. Huber, W. H. Parkinson. Refractivities of H<sub>2</sub>, He, O<sub>2</sub>, CO, and Kr for 168≤λ≤288 nm <a href="https://doi.org/10.1103/PhysRevA.13.1422"><i>Phys Rev. A</i> <b>13</b>, 199-203 (1976)</a>"
}