@article{alpha,
 unformatted = "M. R. Querry. Optical constants, <a href="https://apps.dtic.mil/sti/citations/ADA158623"><i>Contractor Report</i> CRDC-CR-85034 (1985)</a>"
}

@article{n,
 unformatted = "M. R. Querry. Optical constants, <a href="https://apps.dtic.mil/sti/citations/ADA158623"><i>Contractor Report</i> CRDC-CR-85034 (1985)</a>"
}