@article{alpha,
 author = "Aleksandar D. Rakić, Aleksandra B. Djurišić, Jovan M. Elazar and Marian L. Majewski",
 title = "Optical properties of metallic films for vertical-cavity optoelectronic devices",
 url = "https://www2.pvlighthouse.com.au/resources/photovoltaic%20materials/refractive%20index/refractive%20index.aspx",
 pages = "5271",
 year = "1998",
 unformatted = "
Aleksandar D. Rakić, Aleksandra B. Djurišić, Jovan M. Elazar and Marian L. Majewski, Applied Optics 37(22), pp.5271, (1998)"
}

@article{n,
 author = "Aleksandar D. Rakić, Aleksandra B. Djurišić, Jovan M. Elazar and Marian L. Majewski",
 title = "Optical properties of metallic films for vertical-cavity optoelectronic devices",
 url = "https://www2.pvlighthouse.com.au/resources/photovoltaic%20materials/refractive%20index/refractive%20index.aspx",
 pages = "5271",
 year = "1998",
 unformatted = "
Aleksandar D. Rakić, Aleksandra B. Djurišić, Jovan M. Elazar and Marian L. Majewski, 'Optical properties of metallic films for vertical-cavity optoelectronic devices', Applied Optics 37(22), pp.5271, (1998)"
}
