@article{alpha,
 unformatted = "M. M. Kirillova, L. V. Nomerovannaya, M. M. Noskov. Optical properties of molybdenum single crystals , <a href="http://www.jetp.ac.ru/cgi-bin/e/index/e/33/6/p1210?a=list"><i>Sov. Phys. JETP</i> <b>33</b>, 1210-1214 (1971)</a>"
}

@article{n,
 unformatted = "M. M. Kirillova, L. V. Nomerovannaya, M. M. Noskov. Optical properties of molybdenum single crystals , <a href="http://www.jetp.ac.ru/cgi-bin/e/index/e/33/6/p1210?a=list"><i>Sov. Phys. JETP</i> <b>33</b>, 1210-1214 (1971)</a>"
}