@article{device,
author = {MacKenzie, Roderick C. I. and Shuttle, Christopher G. and Chabinyc, Michael L. and Nelson, Jenny},
title = {Extracting Microscopic Device Parameters from Transient Photocurrent Measurements of P3HT:PCBM Solar Cells},
journal = {Advanced Energy Materials},
volume = {2},
number = {6},
pages = {662-669},
keywords = {organic solar cells, trap-limited recombination, density of states, transient photocurrent},
doi = {https://doi.org/10.1002/aenm.201100709},
url = {https://onlinelibrary.wiley.com/doi/abs/10.1002/aenm.201100709},
eprint = {https://onlinelibrary.wiley.com/doi/pdf/10.1002/aenm.201100709},
year = {2012}
}

