@article{alpha,
 unformatted = "S. G. Warren. Optical constants of ice from the ultraviolet to the microwave, <a href="https://doi.org/10.1364/AO.23.001206"><i>Appl. Opt.</i> <b>23</b>, 1206-1225 (1984)</a>"
}

@article{n,
 unformatted = "S. G. Warren. Optical constants of ice from the ultraviolet to the microwave, <a href="https://doi.org/10.1364/AO.23.001206"><i>Appl. Opt.</i> <b>23</b>, 1206-1225 (1984)</a>"
}