@article{ref0,
 journal = "J. Fac. Sci.Tech., Seikei Univ.",
 volume = "49",
 pages = "41-44",
 year = "2012"
}