@@article{alpha,
 author = "Hossam ElAnzeery, Ounsi El Daif, Marie Buffière, Souhaib Oueslati, Khaled Ben Messaoud, Dries Agten, Guy Brammertz, Rafik Guindi, Bas Kniknie, Marc Meuris and Jef Poortmans",
 title = "Refractive index extraction and thickness optimization of Cu2ZnSnSe4 thin film solar cells",
 volume = "7",
 pages = "1984-1990",
 year = "2015",
 unformatted = "Hossam ElAnzeery, Ounsi El Daif, Marie Buffière, Souhaib Oueslati, Khaled Ben Messaoud, Dries Agten, Guy Brammertz, Rafik Guindi, Bas Kniknie, Marc Meuris and Jef Poortmans, 'Refractive index extraction and thickness optimization of Cu2ZnSnSe4 thin film solar cells', physica status solidi (a) 212(9), pp.1984-1990, (2015) - PV Lighthouse"
}

@@article{n,
 unformatted = "Hossam ElAnzeery, Ounsi El Daif, Marie Buffière, Souhaib Oueslati, Khaled Ben Messaoud, Dries Agten, Guy Brammertz, Rafik Guindi, Bas Kniknie, Marc Meuris and Jef Poortmans, 'Refractive index extraction and thickness optimization of Cu2ZnSnSe4 thin film solar cells', physica status solidi (a) 212(9), pp.1984-1990, (2015) - PV Lighthouse"
}
