@article{alpha,
 url = "https://www.researchgate.net/profile/Mariano_Campoy-Quiles",
 journal = "Phys.",
 volume = "76",
 pages = "235206",
 year = "2007"
}

@article{n,
 url = "https://www.researchgate.net/profile/Mariano_Campoy-Quiles",
 journal = "Phys.",
 volume = "76",
 pages = "235206",
 year = "2007"
}