@article{alpha,
 url = "https://www.researchgate.net/profile/Mariano_Campoy-Quiles",
 journal = " J. Phys. Chem. Lett.",
 volume = "3",
 pages = "3470",
 year = "2012"
}

@article{n,
 url = "https://www.researchgate.net/profile/Mariano_Campoy-Quiles",
 journal = " J. Phys. Chem. Lett.",
 volume = "3",
 pages = "3470",
 year = "2012"
}