@article{alpha,
 unformatted = "K. Wang, W. Wen, Y. Wang, K. Wang, J. He, J. Wang, P. Zhai, Y. Yang, P. Qiu. Order-of-magnitude multiphoton signal enhancement based on characterization of absorption spectra of immersion oils at the 1700-nm window, <a href="https://doi.org/10.1364/OE.25.005909"><i>Opt. Express</i> <b>25</b>, 5909-5916 (2017)</a>"
}