@article{alpha,
 unformatted = "P. B. Johnson and R. W. Christy. Optical constants of transition metals: Ti, V, Cr, Mn, Fe, Co, Ni, and Pd, <a href="https://doi.org/10.1103/PhysRevB.9.5056"><i>Phys. Rev. B</i> <b>9</b>, 5056-5070 (1974)</a>"
}

@article{n,
 unformatted = "P. B. Johnson and R. W. Christy. Optical constants of transition metals: Ti, V, Cr, Mn, Fe, Co, Ni, and Pd, <a href="https://doi.org/10.1103/PhysRevB.9.5056"><i>Phys. Rev. B</i> <b>9</b>, 5056-5070 (1974)</a>"
}