@article{n,
 unformatted = "A. C. Sinnock and B. L. Smith. Refractive indices of the condensed inert gases, <a href="https://doi.org/10.1103/PhysRev.181.1297"><i>Phys. Rev.</i> <b>181</b>, 1297-1307 (1969)</a>"
}