@article{n,
 unformatted = "J. Koch. <i>Kungl. Fysiografiska Sällskapets i Lund Förhandlingar (Proceedings of the Royal Physiographic Society at Lund)</i> <b>19</b>, 173 (1949) (as cited in P. J. Leonard. Refractive indices, Verdet constants, and polarizabilities of the inert gases, <a href="https://doi.org/10.1016/S0092-640X(74)80028-8"><i>Atomic Data and Nuclear Data Tables</i> <b>14</b>, 21-37 (1974)</a>)"
}