@article{alpha,
 author = "Zachary C. Holman, Miha Filipič, Antoine Descoeudres, Stefaan De Wolf",
 url = "https://www2.pvlighthouse.com.au/resources/photovoltaic%20materials/refractive%20index/refractive%20index.aspx",
 pages = "013107",
 unformatted = "Zachary C. Holman, Miha Filipič, Antoine Descoeudres, Stefaan De Wolf, Franc Smole, Marko Topič and Christophe Ballif, 'Infrared light management in high-efficiency silicon heterojunction and rear-passivated solar cells', Journal of Applied Physics 113(1), pp.013107, (2013)"
}

@article{n,
 author = "Zachary C. Holman, Miha Filipič, Antoine Descoeudres, Stefaan De Wolf",
 url = "https://www2.pvlighthouse.com.au/resources/photovoltaic%20materials/refractive%20index/refractive%20index.aspx",
 pages = "013107",
 unformatted = "Zachary C. Holman, Miha Filipič, Antoine Descoeudres, Stefaan De Wolf, Franc Smole, Marko Topič and Christophe Ballif, 'Infrared light management in high-efficiency silicon heterojunction and rear-passivated solar cells', Journal of Applied Physics 113(1), pp.013107, (2013)"
}
