@article{alpha,
 author = "B. Macco, M. F. J. Vos, N. F. W. Thissen, A. A. Bol and W. M. M. Kessels",
 title = "Low-temperature atomic layer deposition of MoOx for silicon heterojunction solar cells",
 url = "https://www2.pvlighthouse.com.au/resources/photovoltaic%20materials/refractive%20index/refractive%20index.aspx",
 pages = "393-396",
 year = "2015",
 unformatted = "B. Macco, M. F. J. Vos, N. F. W. Thissen, A. A. Bol and W. M. M. Kessels, 'Low-temperature atomic layer deposition of MoOx for silicon heterojunction solar cells', physica status solidi (RRL) - Rapid Research Letters 9(7), pp.393-396, (2015)"
}

@article{n,
 author = "B. Macco, M. F. J. Vos, N. F. W. Thissen, A. A. Bol and W. M. M. Kessels",
 title = "Low-temperature atomic layer deposition of MoOx for silicon heterojunction solar cells",
 url = "https://www2.pvlighthouse.com.au/resources/photovoltaic%20materials/refractive%20index/refractive%20index.aspx",
 pages = "393-396",
 year = "2015",
 unformatted = "B. Macco, M. F. J. Vos, N. F. W. Thissen, A. A. Bol and W. M. M. Kessels, 'Low-temperature atomic layer deposition of MoOx for silicon heterojunction solar cells', physica status solidi (RRL) - Rapid Research Letters 9(7), pp.393-396, (2015)"
}
