@article{alpha,
 author = "Yajie Jiang, Supriya Pillai and Martin A. Green, 'Realistic Silver Optical Constants for Plasmonics', Scientific Reports 6(1), pp.30605, (2016)",
 url = "https://www2.pvlighthouse.com.au/resources/photovoltaic%20materials/refractive%20index/refractive%20index.aspx",
 pages = "30605",
 year = "2016",
 unformatted = "Thermally evaporated from 99.999% pure Ag."
}

@article{n,
 author = "Yajie Jiang, Supriya Pillai and Martin A. Green, 'Realistic Silver Optical Constants for Plasmonics', Scientific Reports 6(1), pp.30605, (2016)",
 url = "https://www2.pvlighthouse.com.au/resources/photovoltaic%20materials/refractive%20index/refractive%20index.aspx",
 pages = "30605",
 year = "2016",
 unformatted = "Thermally evaporated from 99.999% pure Ag."
}
