@article{ref0,
 url = "https://www.researchgate.net/profile/Mariano_Campoy-Quiles",
 journal = "ACS Nano",
 volume = "7",
 pages = "4637",
 year = "2013",
 DOI = "10.1038/nmat4645"
}