@article{alpha,
 unformatted = "M. N. Afsar and J. B. Hasted. Measurements of the optical constants of liquid H<sub>2</sub>O and D<sub>2</sub>O between 6 and 450 cm<sup>−1</sup>, <a href="https://doi.org/10.1364/JOSA.67.000902"><i>J. Opt. Soc. Am.</i> <b>67</b>, 902-904 (1977)</a>"
}

@article{n,
 unformatted = "M. N. Afsar and J. B. Hasted. Measurements of the optical constants of liquid H<sub>2</sub>O and D<sub>2</sub>O between 6 and 450 cm<sup>−1</sup>, <a href="https://doi.org/10.1364/JOSA.67.000902"><i>J. Opt. Soc. Am.</i> <b>67</b>, 902-904 (1977)</a>"
}