@article{n,
 unformatted = "A. Börzsönyi, Z. Heiner, M. P. Kalashnikov, A. P. Kovács, and K. Osvay, Dispersion measurement of inert gases and gas mixtures at 800 nm, <a href="https://doi.org/10.1364/AO.47.004856"><i>Appl. Opt.</i> <b>47</b>, 4856-4863 (2008)</a>"
}